@string{SISC    = "SIAM Journal Scientific Computing"}

@article{Cappello:2014:TER:2983586.2983587,
 author = {Cappello, Franck and Al, Geist and Gropp, William and Kale, Sanjay and Kramer, Bill and Snir, Marc},
 title = {Toward Exascale Resilience: 2014 Update},
 journal = {Supercomput. Front. Innov.: Int. J.},
 issue_date = {April 2014},
 volume = {1},
 number = {1},
 month = apr,
 year = {2014},
 issn = {2409-6008},
 pages = {5--28},
 numpages = {24},
 url = {http://dx.doi.org/10.14529/jsfi140101},
 doi = {10.14529/jsfi140101},
 acmid = {2983587},
 publisher = {South Ural State University},
 address = {Chelyabinsk, Russia, Russia},
 keywords = {Exascale, Fault-tolerance techniques, Resilience},
} 


@article{CFDR,
  title={The Computer Failure Data Repository},
  author={},
  journal={},
  volume={},
  number={},
  pages={},
  year={},
  publisher={}
}

@book{hig:02,
  author =       "N. J. Higham",
  title =        "Accuracy and Stability of Numerical Algorithms",
  publisher =    "Society for Industrial and Applied Mathematics",
  address =      "Philadelphia, PA, USA",
  edition =      "Second",
  year =         "2002"
}

@book{direct_solver,
 author = {Hildebrand, Begnaud Francis},
 title = {Introduction to Numerical Analysis: 2Nd Edition},
 year = {1987},
 isbn = {0-486-65363-3},
 publisher = {Dover Publications, Inc.},
 address = {New York, NY, USA},
} 

@book{Saad:2003,
 author = {Saad, Y.},
 title = {Iterative Methods for Sparse Linear Systems},
 year = {2003},
 isbn = {0898715342},
 edition = {2nd},
 publisher = {Society for Industrial and Applied Mathematics},
 address = {Philadelphia, PA, USA},
} 

@book{govl:96,
   author="G.~H. Golub and C.~F. Van Loan ",
   title=" Matrix Computations",
   publisher=" Johns Hopkins Univ. Press ",
   year="1996",
   note="Third Edition."
} 

@article{sisz:03,
   author = "V.~Simoncini and D.~B.~Szyld",
   title = "Theory of Inexact {K}rylov Subspace Methods and Applications to Scientific Computing",
   journal = SISC,
   volume = "25",
   pages  = "454-477",
   year = "2003"
}


@article{gmres,
  title={\text{GMRES}: A generalized minimal residual algorithm for solving nonsymmetric linear systems},
  author={Saad, Youcef and Schultz, Martin H},
  journal={SIAM Journal on scientific and statistical computing},
  volume={7},
  number={3},
  pages={856--869},
  year={1986},
  publisher={SIAM}
}

@article {pipelined_gmres,
	title = {Hiding global communication latency in the \text{GMRES} algorithm on massively parallel machines.},
	journal = {SIAM journal on Scientific Computing,  	ExaScience Lab Technical Report 04.2012.1},
	volume = {35},
	year = {2013},
	pages = {C48{\textendash}C71. (24 pages)},
	chapter = {C48},
	doi = {http://dx.doi.org/10.1137/12086563X},
	attachments = {http://twna.ua.ac.be/sites/twna.ua.ac.be/files/latency_gmres.pdf},
	author = {Ghysels, P and Ashby, T and Meerbergen, K and Vanroose, W.}
}

@article{DBLP:journals/siamsc/GiraudGL07,
  author    = {Luc Giraud and
               Serge Gratton and
               Julien Langou},
  title     = {Convergence in Backward Error of Relaxed {GMRES}},
  journal   = {{SIAM} J. Scientific Computing},
  volume    = {29},
  number    = {2},
  pages     = {710--728},
  year      = {2007},
  url       = {http://dx.doi.org/10.1137/040608416},
  doi       = {10.1137/040608416},
  timestamp = {Sat, 02 Jun 2007 22:48:47 +0200},
  biburl    = {http://dblp2.uni-trier.de/rec/bib/journals/siamsc/GiraudGL07},
  bibsource = {dblp computer science bibliography, http://dblp.org}
}

@ARTICLE{fault_taxonomy, 
author={A. Avizienis and J. C. Laprie and B. Randell and C. Landwehr}, 
journal={IEEE Transactions on Dependable and Secure Computing}, 
title={Basic concepts and taxonomy of dependable and secure computing}, 
year={2004}, 
volume={1}, 
number={1}, 
pages={11-33}, 
keywords={data privacy;fault tolerant computing;security of data;software reliability;system recovery;dependable computing;fault forecasting;fault prevention;fault removal;fault tolerance;secure computing;system attacks;system availability;system failures;system integrity;system maintainability;system reliability;system safety;system security;system vulnerabilities;taxonomy;Availability;Books;Communication system security;Fault tolerance;Maintenance;Safety;Standardization;Taxonomy;Uncertainty;65;Index Terms- Dependability;attacks;errors;failures;fault forecasting.;fault removal;fault tolerance;faults;security;trust;vulnerabilities}, 
doi={10.1109/TDSC.2004.2}, 
ISSN={1545-5971}, 
month={Jan},}


@ARTICLE{checksum, 
author={Kuang-Hua Huang and J. A. Abraham}, 
journal={IEEE Transactions on Computers}, 
title={Algorithm-Based Fault Tolerance for Matrix Operations}, 
year={1984}, 
volume={C-33}, 
number={6}, 
pages={518-528}, 
keywords={Algorithm-based fault tolerance;checksum matrix;error correction;error detection;matrix operations;multiple processor systems;processor arrays;systolic arrays;transient errors;Algorithm design and analysis;Costs;Distributed computing;Fault detection;Fault tolerance;Fault tolerant systems;Hardware;Heart;High performance computing;Very large scale integration;Algorithm-based fault tolerance;checksum matrix;error correction;error detection;matrix operations;multiple processor systems;processor arrays;systolic arrays;transient errors}, 
doi={10.1109/TC.1984.1676475}, 
ISSN={0018-9340}, 
month={June},}

@ARTICLE{ABFT, 
author={Kuang-Hua Huang and J. A. Abraham}, 
journal={IEEE Transactions on Computers}, 
title={Algorithm-Based Fault Tolerance for Matrix Operations}, 
year={1984}, 
volume={C-33}, 
number={6}, 
pages={518-528}, 
keywords={Algorithm-based fault tolerance;checksum matrix;error correction;error detection;matrix operations;multiple processor systems;processor arrays;systolic arrays;transient errors;Algorithm design and analysis;Costs;Distributed computing;Fault detection;Fault tolerance;Fault tolerant systems;Hardware;Heart;High performance computing;Very large scale integration;Algorithm-based fault tolerance;checksum matrix;error correction;error detection;matrix operations;multiple processor systems;processor arrays;systolic arrays;transient errors}, 
doi={10.1109/TC.1984.1676475}, 
ISSN={0018-9340}, 
month={June},}

@article{Davis:2011:UFS:2049662.2049663,
 author = {Davis, Timothy A. and Hu, Yifan},
 title = {The University of Florida Sparse Matrix Collection},
 journal = {ACM Trans. Math. Softw.},
 issue_date = {November 2011},
 volume = {38},
 number = {1},
 month = dec,
 year = {2011},
 issn = {0098-3500},
 pages = {1:1--1:25},
 articleno = {1},
 numpages = {25},
 url = {http://doi.acm.org/10.1145/2049662.2049663},
 doi = {10.1145/2049662.2049663},
 acmid = {2049663},
 publisher = {ACM},
 address = {New York, NY, USA},
 keywords = {Graph drawing, multilevel algorithms, performance evaluation, sparse matrices},
} 
